%-----------------------------------my refs------------------------------------------------
@INPROCEEDINGS{pyrlk,
	author = {Bruce D. Lucas and Takeo Kanade},
	title = {An Iterative Image Registration Technique with an Application to Stereo Vision},
	booktitle = {},
	year = {1981},
	pages = {674--679}
}// PyrLK光流法

@TechReport{vsfm,
  title =        {VisualSFM},
  author =       {Wu C},
  year =         2011,
  url =          "http://homes.cs.washington.edu/~ccwu/vsfm/"
}// VisualSFM

@TechReport{siftgpu,
	title = {SiftGPU},
	author = {Wu C},
	year = 2007,
	url = "http://cs.unc.edu/~ccwu/siftgpu"
}// SiftGPU

@article{mba,
	author = {Furukawa, Yasutaka and Ponce, Jean},
	title = {Accurate Camera Calibration from Multi-View Stereo and Bundle Adjustment},
	journal = {Int. J. Comput. Vision},
	issue_date = {September 2009},
	volume = {84},
	number = {3},
	month = sep,
	year = {2009},
	issn = {0920-5691},
	pages = {257--268},
	numpages = {12},
	url = {http://dx.doi.org/10.1007/s11263-009-0232-2},
	doi = {10.1007/s11263-009-0232-2},
	acmid = {1553597},
	publisher = {Kluwer Academic Publishers},
	address = {Hingham, MA, USA},
	keywords = {Bundle adjustment, Camera calibration, Image-based modeling, Multi-view stereo, Structure from motion},
}// 多核的捆集调整

@INPROCEEDINGS{harris,
	author = {Chris Harris and Mike Stephens},
	title = {A combined corner and edge detector},
	booktitle = {In Proc. of Fourth Alvey Vision Conference},
	year = {1988},
	pages = {147--151}
}// Harris角点

@inproceedings{turtle,
	author = {Qi, Hang and Qiu, Ruichao and Jia, Jinyuan},
	title = {L-system based interactive and lightweight web3D tree modeling},
	booktitle = {Proceedings of the 10th International Conference on Virtual Reality Continuum and Its Applications in Industry},
	series = {VRCAI '11},
	year = {2011},
	isbn = {978-1-4503-1060-4},
	location = {Hong Kong, China},
	pages = {589--592},
	numpages = {4},
	url = {http://doi.acm.org/10.1145/2087756.2087871},
	doi = {10.1145/2087756.2087871},
	acmid = {2087871},
	publisher = {ACM},
	address = {New York, NY, USA},
	keywords = {L-systems, VRML, interactive, lightweight modelling, web3D},
}// 球面海龟几何 

@article{lsystem,
	added-at = {2008-02-26T11:58:58.000+0100},
	author = {Lindenmayer, Aristid},
	biburl = {http://www.bibsonomy.org/bibtex/2c7cd14a94ce69e4868bad95b5274eb39/schaul},
	citeulike-article-id = {2380421},
	description = {idsia},
	interhash = {2569657b8108b0deb220ee0b2ed771fa},
	intrahash = {c7cd14a94ce69e4868bad95b5274eb39},
	journal = {Journal of Theoretical Biology},
	keywords = {evolutionary},
	priority = {2},
	timestamp = {2008-02-26T11:58:58.000+0100},
	title = {Mathematical models for cellular interaction in development: Parts I and II.},
	volume = 18,
	year = 1968
}

@inproceedings{devmodels,
	author = {Prusinkiewicz, Przemyslaw and Lindenmayer, Aristid and Hanan, James},
	title = {Development models of herbaceous plants for computer imagery purposes},
	booktitle = {Proceedings of the 15th annual conference on Computer graphics and interactive techniques},
	series = {SIGGRAPH '88},
	year = {1988},
	isbn = {0-89791-275-6},
	pages = {141--150},
	numpages = {10},
	url = {http://doi.acm.org/10.1145/54852.378503},
	doi = {10.1145/54852.378503},
	acmid = {378503},
	publisher = {ACM},
	address = {New York, NY, USA},
	keywords = {L-system, development morphology, parallel graph grammar, physiology of plants, realistic image synthesis, scientific visualization, turtle geometry},
} 

@book{beauty,
	author = {Prusinkiewicz, P. and Lindenmayer, Aristid},
	title = {The algorithmic beauty of plants},
	year = {1990},
	isbn = {0-387-97297-8},
	publisher = {Springer-Verlag New York, Inc.},
	address = {New York, NY, USA},
} 

@article{sketch,
	author = {Anastacio, Fabricio and Prusinkiewicz, Przemyslaw and Sousa, Mario Costa},
	title = {Sketch-Based Interfaces and Modeling (SBIM): Sketch-based parameterization of L-systems using illustration-inspired construction lines and depth modulation},
	journal = {Comput. Graph.},
	issue_date = {August, 2009},
	volume = {33},
	number = {4},
	month = aug,
	year = {2009},
	issn = {0097-8493},
	pages = {440--451},
	numpages = {12},
	url = {http://dx.doi.org/10.1016/j.cag.2009.05.001},
	doi = {10.1016/j.cag.2009.05.001},
	acmid = {1609367},
	publisher = {Pergamon Press, Inc.},
	address = {Elmsford, NY, USA},
	keywords = {L-systems, Plant modeling, Procedural modeling, Sketch-based interfaces and modeling},
} // 基于用户勾画的L-SYSTEM

@inproceedings{amap,
	author = {de Reffye, Phillippe and Edelin, Claude and Fran\c{c}on, Jean and Jaeger, Marc and Puech, Claude},
	title = {Plant models faithful to botanical structure and development},
	booktitle = {Proceedings of the 15th annual conference on Computer graphics and interactive techniques},
	series = {SIGGRAPH '88},
	year = {1988},
	isbn = {0-89791-275-6},
	pages = {151--158},
	numpages = {8},
	url = {http://doi.acm.org/10.1145/54852.378505},
	doi = {10.1145/54852.378505},
	acmid = {378505},
	publisher = {ACM},
	address = {New York, NY, USA},
	keywords = {botany, database amplification, growth simulation, plant, tree},
} 

@article{reche,
	author = {Reche-Martinez, Alex and Martin, Ignacio and Drettakis, George},
	title = {Volumetric reconstruction and interactive rendering of trees from photographs},
	journal = {ACM Trans. Graph.},
	issue_date = {August 2004},
	volume = {23},
	number = {3},
	month = aug,
	year = {2004},
	issn = {0730-0301},
	pages = {720--727},
	numpages = {8},
	url = {http://doi.acm.org/10.1145/1015706.1015785},
	doi = {10.1145/1015706.1015785},
	acmid = {1015785},
	publisher = {ACM},
	address = {New York, NY, USA},
	keywords = {3D reconstruction, interactive rendering, visibility estimation},
} 

@article{neubert,
	author = {Neubert, Boris and Franken, Thomas and Deussen, Oliver},
	title = {Approximate image-based tree-modeling using particle flows},
	journal = {ACM Trans. Graph.},
	issue_date = {July 2007},
	volume = {26},
	number = {3},
	month = jul,
	year = {2007},
	issn = {0730-0301},
	articleno = {88},
	url = {http://doi.acm.org/10.1145/1276377.1276487},
	doi = {10.1145/1276377.1276487},
	acmid = {1276487},
	publisher = {ACM},
	address = {New York, NY, USA},
	keywords = {botanics, image-based modeling, plant models},
} 

@inproceedings{quanlong,
	author = {Quan, Long and Tan, Ping and Zeng, Gang and Yuan, Lu and Wang, Jingdong and Kang, Sing Bing},
	title = {Image-based plant modeling},
	booktitle = {ACM SIGGRAPH 2006 Papers},
	series = {SIGGRAPH '06},
	year = {2006},
	isbn = {1-59593-364-6},
	location = {Boston, Massachusetts},
	pages = {599--604},
	numpages = {6},
	url = {http://doi.acm.org/10.1145/1179352.1141929},
	doi = {10.1145/1179352.1141929},
	acmid = {1141929},
	publisher = {ACM},
	address = {New York, NY, USA},
	keywords = {image-based modeling, photography, plant modeling, tree modeling},
} 

@inproceedings{tanping,
	author = {Tan, Ping and Zeng, Gang and Wang, Jingdong and Kang, Sing Bing and Quan, Long},
	title = {Image-based tree modeling},
	booktitle = {ACM SIGGRAPH 2007 papers},
	series = {SIGGRAPH '07},
	year = {2007},
	location = {San Diego, California},
	articleno = {87},
	url = {http://doi.acm.org/10.1145/1275808.1276486},
	doi = {10.1145/1275808.1276486},
	acmid = {1276486},
	publisher = {ACM},
	address = {New York, NY, USA},
} 

@article{tanping2,
	author = {Tan, Ping and Fang, Tian and Xiao, Jianxiong and Zhao, Peng and Quan, Long},
	title = {Single image tree modeling},
	journal = {ACM Trans. Graph.},
	issue_date = {December 2008},
	volume = {27},
	number = {5},
	month = dec,
	year = {2008},
	issn = {0730-0301},
	pages = {108:1--108:7},
	articleno = {108},
	numpages = {7},
	url = {http://doi.acm.org/10.1145/1409060.1409061},
	doi = {10.1145/1409060.1409061},
	acmid = {1409061},
	publisher = {ACM},
	address = {New York, NY, USA},
} 

@article{lichuan,
	author = {Li, Chuan and Deussen, Oliver and Song, Yi-Zhe and Willis, Phil and Hall, Peter},
	title = {Modeling and generating moving trees from video},
	journal = {ACM Trans. Graph.},
	issue_date = {December 2011},
	volume = {30},
	number = {6},
	month = dec,
	year = {2011},
	issn = {0730-0301},
	pages = {127:1--127:12},
	articleno = {127},
	numpages = {12},
	url = {http://doi.acm.org/10.1145/2070781.2024161},
	doi = {10.1145/2070781.2024161},
	acmid = {2024161},
	publisher = {ACM},
	address = {New York, NY, USA},
	keywords = {generative model, tree modeling and animation},
} 

@ARTICLE{verroust,
	author = {Anne Verroust and Inria Rocquencourt and Francis Lazarus},
	title = {Extracting Skeletal Curves from 3D Scattered Data},
	journal = {The Visual Computer},
	year = {1999},
	volume = {16},
	pages = {15--25}
}

@MISC{bucksch,
	author = {Alexander Bucksch},
	title = {SKELETONIZATION AND SEGMENTATION OF POINT CLOUDS USING OCTREES AND GRAPH THEORY},
	year = {2006}
}

@article{xu,
	author = {Xu, Hui and Gossett, Nathan and Chen, Baoquan},
	title = {Knowledge and heuristic-based modeling of laser-scanned trees},
	journal = {ACM Trans. Graph.},
	issue_date = {October 2007},
	volume = {26},
	number = {4},
	month = oct,
	year = {2007},
	issn = {0730-0301},
	articleno = {19},
	url = {http://doi.acm.org/10.1145/1289603.1289610},
	doi = {10.1145/1289603.1289610},
	acmid = {1289610},
	publisher = {ACM},
	address = {New York, NY, USA},
	keywords = {Digitizing and scanning, knowledge-based modeling},
} 

@article{cote,
	title = "The structural and radiative consistency of three-dimensional tree reconstructions from terrestrial lidar ",
	journal = "Remote Sensing of Environment ",
	volume = "113",
	number = "5",
	pages = "1067 - 1081",
	year = "2009",
	note = "",
	issn = "0034-4257",
	doi = "10.1016/j.rse.2009.01.017",
	url = "http://www.sciencedirect.com/science/article/pii/S0034425709000261",
	author = "Jean-François Côté and Jean-Luc Widlowski and Richard A. Fournier and Michel M. Verstraete",
	keywords = "Architectural tree model",
	keywords = "Terrestrial LiDAR",
	keywords = "3D tree structure",
	keywords = "Canopy reflectance model",
	keywords = "Radiation transfer simulations "
}

